
@site{callcenter,
    title={Fun with the Binomial Distribution},
    author={Tony Yiu},
    url={https://towardsdatascience.com/fun-with-the-binomial-distribution-96a5ecabf65b},
    year={2019},
}


